@online{internet-world-stats,
  author = {Miniwatts Marketing Group},
  title = {Internet World Stats},
  year = 2017,
  url = {http://www.internetworldstats.com/stats.htm},
  urldate = {2017-10-14}
}

@online{pinboard-dead-links,
  author = {Maciej Cegłowski},
  title = {Web Design: the first 100 years},
  year = 2014,
  url = {http://idlewords.com/talks/web_design_first_100_years.htm},
  urldate = {2017-10-14}
}

@article{scotus-dead-links, title={Perma: Scoping and Addressing the Problem of Link and Reference Rot in Legal Citations}, volume={14}, DOI={10.1017/S1472669614000255}, number={2}, journal={Legal Information Management}, publisher={Cambridge University Press}, author={Zittrain, Jonathan and Albert, Kendra and Lessig, Lawrence}, year={2014}, pages={88–99}}

@online{cyberspace-independence,
  author = {John Perry Barlow},
  title = {A Declaration of the Independence of Cyberspace},
  year = 1996,
  url = {https://www.eff.org/cyberspace-independence},
  urldate = {2017-10-14}
}

@online{billion-facebook,
  author = {BBC},
  title = {Facebook has a billion users in a single day, says Mark Zuckerberg},
  year = 2015,
  url = {http://www.bbc.com/news/world-us-canada-34082393},
  urldate = {2017-10-16}
}

@online{google-outage,
  author = {Sky News},
  title = {Google Outage Internet Traffic Plunges 40 percent},
  year = 2013,
  url = {http://news.sky.com/story/google-outage-internet-traffic-plunges-40-10437065},
  urldate = {2017-10-16}
}

@online{snowden-leaks,
  author = {Barton Gellman y Ashkan Soltani, Washington Post},
  title = {NSA infiltrates links to Yahoo, Google data centers worldwide, Snowden documents say},
  year = 2013,
  url = {https://www.washingtonpost.com/world/national-security/nsa-infiltrates-links-to-yahoo-google-data-centers-worldwide-snowden-documents-say/2013/10/30/e51d661e-4166-11e3-8b74-d89d714ca4dd_story.html},
  urldate = {2017-10-16}
}

@online{most-viewed-yt,
  author = {Wikipedia},
  title = {Vídeos más vistos en YouTube},
  year = 2017,
  url = {https://es.wikipedia.org/wiki/Anexo:Videos_m%C3%A1s_vistos_en_YouTube},
  urldate = {2017-10-17}
}

@online{cloudfront-prices,
  author = {Amazon},
  title = {Precios de Amazon CloudFront},
  year = 2017,
  url = {https://aws.amazon.com/es/cloudfront/pricing/},
  urldate = {2017-10-17}
}

@online{2008-cable-disruption,
  author = {Kim Zetter},
  title = {Undersea Cables Cut; 14 Countries Lose Web},
  year = 2008,
  url = {https://www.wired.com/2008/12/mediterranean-c/},
  urldate = {2017-10-18}
}

@article{S/Kamdelia,
author = {Baumgart, Ingmar and Mies, Sergio},
year = {2008},
month = {01},
pages = {1-8},
title = {S/Kademlia: A practicable approach towards secure key-based routing},
volume = {2},
isbn = {978-1-4244-1889-3}
}

@online{WebRTC-data-channels,
  author = {Alan Kligman, Robert Nyman},
  title = {WebRTC data channels},
  year = 2013,
  url = {https://developer.mozilla.org/es/docs/Games/Techniques/WebRTC_data_channels},
  urldate = {2017-11-12}
}

@online{micro-transport-protocol,
  author = {Wikipedia},
  title = {Micro Transport Protocol},
  year = 2017,
  url = {https://es.wikipedia.org/wiki/Micro_Transport_Protocol},
  urldate = {2017-11-12}
}

@online{interactive-connectivity-establishment,
  author = {Wikipedia},
  title = {Interactive Connectivity Establishment},
  year = 2017,
  url = {https://en.wikipedia.org/wiki/Interactive_Connectivity_Establishment},
  urldate = {2017-11-12}
}

@online{HMAC,
  author = {Wikipedia},
  title = {HMAC},
  year = 2017,
  url = {https://es.wikipedia.org/wiki/HMAC},
  urldate = {2017-11-12}
}

@online{red-superpuesta,
  author = {Wikipedia},
  title = {Red superpuesta},
  year = 2017,
  url = {https://es.wikipedia.org/wiki/Red_superpuesta},
  urldate = {2017-11-12}
}

@online{red-superpuesta,
  title = {CoralCDN},
  url = {http://www.coralcdn.org/},
  urldate = {2017-11-12}
}
